@inproceedings{singer2008,
  title={Lectures on elastic curves and rods},
  author={Singer, David A},
  booktitle={AIP Conference Proceedings},
  volume={1002},
  number={1},
  pages={3--32},
  year={2008},
  organization={American Institute of Physics}
}


@article{marsden2001,
	title={Discrete mechanics and variational integrators},
	author={Marsden, Jerrold E and West, Matthew},
	journal={Acta numerica},
	volume={10},
	pages={357--514},
	year={2001},
	publisher={Cambridge University Press}
}


@article{colombo2016,
	title={Geometric integrators for higher-order variational systems and their application to optimal control},
	author={Colombo, Leonardo and Ferraro, Sebasti{\'a}n and Mart{\'\i}n de Diego, David},
	journal={Journal of Nonlinear Science},
	volume={26},
	pages={1615--1650},
	year={2016},
	publisher={Springer}
}


@article{ferraro2021,
  title={Parallel iterative methods for variational integration applied to navigation problems},
  author={Ferraro, Sebasti{\'a}n J and de Diego, David Mart{\'\i}n and {Sato Mart{\'\i}n de Almagro}, Rodrigo T.},
  journal={IFAC-PapersOnLine},
  volume={54},
  number={19},
  pages={321--326},
  year={2021},
  publisher={Elsevier}
}


@article{alart1991,
  title={A mixed formulation for frictional contact problems prone to Newton like solution methods},
  author={Alart, Pierre and Curnier, Alain},
  journal={Computer methods in applied mechanics and engineering},
  volume={92},
  number={3},
  pages={353--375},
  year={1991},
  publisher={Elsevier}
}

@article{matsutani2010,
  title={Euler's elastica and beyond},
  author={Matsutani, Shigeki},
  year={2010}
}